@inproceedings{schulter2018learning,
    author={Samuel Schulter and Menghua Zhai and Nathan Jacobs and Manmohan Chandraker},
    title={Learning to Look around Objects for Top-View Representations of Outdoor Scenes},
    booktitle={European Conference on Computer Vision (ECCV)},
    year={2018}
}

@inproceedings{zhai2018geotemporal,
    author={Menghua Zhai and Tawfiq Salem and Connor Greenwell and Scott Workman and Robert Pless and Nathan Jacobs},
    title={Learning Geo-Temporal Image Features},
    booktitle={British Machine Vision Conference (BMVC)},
    year={2018}
}

@inproceedings{salem2018soundscape,
  author={Tawfiq Salem and Menghua Zhai and Scott Workman and Nathan Jacobs},
  title={A Multimodal Approach to Mapping Soundscapes},
  booktitle={IEEE Geoscience and Remote Sensing Society (IGARSS)},
  year={2018}
}

@inproceedings{workman2017unified,
  author={Scott Workman and Menghua Zhai and David J. Crandall and Nathan Jacobs},
  title={A Unified Model for Near and Remote Sensing},
  booktitle={IEEE International Conference on Computer Vision (ICCV)},
  year={2017}
}

@inproceedings{zhai2017crossview,
  author    = {Menghua Zhai and
               Zachary Bessinger and
               Scott Workman and
               Nathan Jacobs},
  title     = {Predicting Ground-Level Scene Layout from Aerial Imagery},
  booktitle = {IEEE Conference on Computer Vision and Pattern Recognition (CVPR)},
  year      = {2017}
}

@inproceedings{workman2016horizon,
    author={Scott Workman and Menghua Zhai and Nathan Jacobs},
    title={Horizon Lines in the Wild},
    booktitle={British Machine Vision Conference (BMVC)},
    year={2016}
}

@inproceedings{nathan2016crossview, 
  author={N. Jacobs and S. Workman and M. Zhai}, 
  booktitle={2016 IEEE Applied Imagery Pattern Recognition Workshop (AIPR)}, 
  title={Cross-view Convolutional Networks}, 
  year={2016}, 
  pages={1-5} 
}

@inproceedings{zhai2016mcmc,
  title = {Camera Geo-Calibration using an MCMC Approach},
  author = {Zhai, Menghua and Workman, Scott and Jacobs, Nathan},
  booktitle = {IEEE International Conference on Image Processing (ICIP)},
  year = {2016}
}

@inproceedings{zhai2016horizon,
  author = {Zhai, Menghua and Workman, Scott and Jacobs, Nathan},
  title = {Detecting Vanishing Points using Global Image Context in a Non-Manhattan World},
  booktitle = {IEEE Conference on Computer Vision and Pattern Recognition (CVPR)},
  year = {2016}
}

@inproceedings{baltenberger2016transient,
  author = {Baltenberger, Ryan and Zhai, Menghua and Greenwell, Connor and Workman, Scott and Jacobs, Nathan},
  title = {A Fast Method for Estimating Transient Scene Properties},
  booktitle = {IEEE Winter Conference on Applications of Computer Vision (WACV)},
  year = {2016}
}

@inproceedings{salem2016face2year,
  author = {Salem, Tawfiq and Workman, Scott and Zhai, Menghua and Jacobs, Nathan},
  title = {Analyzing Human Appearance as a Cue for Dating Images},
  booktitle = {IEEE Winter Conference on Applications of Computer Vision (WACV)},
  year = {2016}
}

@inproceedings{workman2015deepfocal,
  title = {DeepFocal: A Method for Direct Focal Length Estimation},
  author = {Workman, Scott and Greenwell, Connor and Zhai, Menghua and Baltenberger, Ryan and Jacobs, Nathan},
  booktitle = {IEEE International Conference on Image Processing (ICIP)},
  year = {2015},
}

@inproceedings{shi2014multisize,
  author = {Shi, Feiyu and Zhai, Menghua and Duncan, Drew and Jacobs, Nathan},
  title = {MPCA: EM-Based PCA For Mixed-Size Image Datasets},
  year = {2014},
  booktitle = {IEEE International Conference on Image Processing (ICIP)},
  pages = {1807--1811}
}

@inproceedings{zhai2014multisize,
  author = {Zhai, Menghua and Shi, Feiyu and Duncan, Drew and Jacobs, Nathan},
  title = {Covariance-Based PCA for Multi-Size Data},
  year = {2014},
  booktitle = {International Conference on Pattern Recognition (ICPR)},
}
