@STRING{CVPR = {CVPR}}
@STRING{CVPR = {IEEE Conference on Computer Vision and Pattern Recognition}}

@STRING{ECCV = {ECCV}}
@STRING{ECCV = {European Conference on Computer Vision}}

@STRING{ICCV = {ICCV}}
@STRING{ICCV = {IEEE International Conference on Computer Vision}}

@STRING{ICDSC = {ICDSC}}
@STRING{ICDSC = {International Conference on Distributed Smart Cameras}}

@STRING{BMVC = {BMVC}}
@STRING{BMVC = {British Machine Vision Conference}}

@STRING{ICPR = {ICPR}}
@STRING{ICPR= {International Conference on Pattern Recognition}}

@STRING{ICIP = {ICIP}}
@STRING{ICIP = {IEEE International Conference on Image Processing}}

@STRING{SIGGRAPH = {SIGGRAPH}}
@STRING{SIGGRAPH = {ACM Transactions on Graphics (SIGGRAPH)}}

@STRING{NIPS = {NIPS}}
@STRING{NIPS = {Advances in Neural Information Processing Systems}}

@STRING{ICML = {ICML}}
@STRING{ICML = {International Conference on Machine Learning}}

@STRING{WACV_C = {WACV}}
@STRING{WACV_C = {IEEE Winter Conference on Applications of Computer Vision}}

@STRING{WACV_W = {WACV}}
@STRING{WACV_W = {IEEE Workshop on Applications of Computer Vision}}

@STRING{T-PAMI = {PAMI}}
@STRING{T-PAMI = {IEEE Transactions on Pattern Analysis and Machine Intelligence}}

@STRING{IJCV = {IJCV}}
@STRING{IJCV = {International Journal of Computer Vision}}

@STRING{CVIU = {CVIU}}
@STRING{CVIU = {Computer Vision and Image Understanding}}

@STRING{WWW = {WWW}}
@STRING{WWW = {International World Wide Web Conference}}

@STRING{TOG = {TOG}}
@STRING{TOG = {ACM Transactions on Graphics}}

@STRING{ACMMM = {ACMMM}}
@STRING{ACMMM = {ACM International Conference on Multimedia}}

@STRING{ACMGIS = {ACMGIS}}
@STRING{ACMGIS = {ACM SIGSPATIAL International Conference on Advances in Geographic Information Systems}}

@STRING{ICLR = {ICLR}}
@STRING{ICLR = {International Conference on Learning Representations}}

@STRING{ICRA = {ICRA}}
@STRING{ICRA = {International Conference on Robotics and Automation}}

@STRING{IROS = {IROS}}
@STRING{IROS = {IEEE/RSJ International Conference on Intelligent Robots and Systems}}

@STRING{THREEDV = {3DV}}
@STRING{THREEDV = {International Conference on 3D Vision}}

@inproceedings{jacobs07amos,
  author={Nathan Jacobs and Nathaniel Roman and Robert Pless},
  title={Consistent Temporal Variations in Many Outdoor Scenes},
  year=2007,
  booktitle={CVPR},
}

@inproceedings{lalonde2009webcam,
  title={Webcam clip art: Appearance and illuminant transfer from
    time-lapse sequences},
  author={Lalonde, Jean-Fran{\c{c}}ois and Efros, Alexei A and
    Narasimhan, Srinivasa G},
  booktitle={ACM Transactions on Graphics},
  year={2009}
}

@inproceedings{imagenet, 
  author={Jia Deng and Wei Dong and Socher, R. and Li-Jia Li and
    Kai Li and Li Fei-Fei}, 
  title={ImageNet: A large-scale hierarchical image database}, 
  booktitle=CVPR, 
  year={2009}
}

@article{labelme,
  title={LabelMe: a database and web-based tool for image
    annotation},
  author={Russell, Bryan C and Torralba, Antonio and Murphy, Kevin P
    and Freeman, William T},
  journal=IJCV,
  year={2008}
}

@article{torralba200880,
  author={Torralba, Antonio and Fergus, Robert and Freeman, William
    T},
  title={80 million tiny images: A large data set for nonparametric
    object and scene recognition},
  journal=T-PAMI,
  year={2008}
}

@article{everingham2010pascal,
  author={Everingham, Mark and Van Gool, Luc and Williams,
    Christopher KI and Winn, John and Zisserman, Andrew},
  title={The pascal visual object classes (voc) challenge},
  journal=IJCV,
  year={2010}
}

@techreport{griffin2007caltech,
  author={Griffin, Gregory and Holub, Alex and Perona, Pietro},
  title={Caltech-256 object category dataset},
  year={2007},
  institution={California Institute of Technology}
}

@inproceedings{European1Mdb,
  author={Y. Avrithis and  Y. Kalantidis and G. Tolias and E.
    Spyrou},
  title={Retrieving Landmark and Non-Landmark Images from Community
    Photo Collections},
  booktitle={ACM-MM},
  year={2010}
}

@inproceedings{worldcitiesdb,
  author={G. Tolias and Y. Avrithis},
  title={Speeded-up, Relaxed Spatial Matching},
  booktitle=ICCV,
  year={2011}
}

@inproceedings{paris500k,
  title={An evaluation of two automatic landmark building discovery
    algorithms for city reconstruction},
  author={Weyand, Tobias and Hosang, Jan and Leibe, Bastian},
  booktitle={European conference on Trends and Topics in
    Computer Vision},
  year={2010}
}

@inproceedings{im2gps,
  author={James Hays and Alexei A. Efros},
  title={im2gps: estimating geographic information from a single
    image},
  booktitle=CVPR,
  year={2008}
}

@inproceedings{Chen04cameracalibration,
  author={Qian Chen and Haiyuan Wu and Toshikazu Wada},
  title={Camera calibration with two arbitrary coplanar
    circles},
  booktitle=ECCV,
  year={2004}
}

@article{wang2004error,
  title={Error analysis of pure rotation-based self-calibration},
  author={Wang, Lei and Kang, Sing Bing and Shum, Heung-Yeung and
    Xu, Guangyou},
  journal=T-PAMI,
  year={2004},
}

@article{zhang2000flexible,
  title={A flexible new technique for camera calibration},
  author={Zhang, Zhengyou},
  journal=T-PAMI,
  year={2000},
}

@inproceedings{li2012worldwide,
  title={Worldwide pose estimation using 3d point clouds},
  author={Li, Yunpeng and Snavely, Noah and Huttenlocher, Dan and
    Fua, Pascal},
  booktitle=ECCV,
  year={2012},
}

@techreport{lalonde2008camera,
  title={Camera Parameters Estimation from Hand-labelled Sun
    Positions in Image Sequences},
  author={Lalonde, Jean-Francois and Narasimhan, Srinivasa G and
    Efros, Alexei A},
  institution={CMU Robotics Institute},
  year={2008}
}

@inproceedings{lalonde2008sky,
  author={Jean-Fran\c{c}ois Lalonde and Srinivasa G. Narasimhan
    and Alexei
      A. Efros},
  title={What does the sky tell us about the camera?},
  booktitle=ECCV,
  year={2008}
}

@article{lalonde2010sun,
  title={What do the sun and the sky tell us about the camera?},
  author={Lalonde, Jean-Fran{\c{c}}ois and Narasimhan, Srinivasa G
    and Efros, Alexei A},
  journal=IJCV,
  year={2010},
}

@inproceedings{jacobs10clouds,
  author={Nathan Jacobs and Brian Bies and Robert Pless},
  title={Using Cloud Shadows to Infer Scene Structure and Camera
    Calibration},
  booktitle=CVPR,
  year={2010}
}

@inproceedings{jacobs13cloudcalibration,
  author={Nathan Jacobs and Mohammad Islam and Scott Workman},
  title={Cloud Motion as a Calibration Cue},
  year=2013,
  booktitle=CVPR,
}

@inproceedings{lu2006camera,
  title={Camera calibration from two shadow trajectories},
  author={Lu, Fei and Cao, Xiaochun and Shen, Yuping and Foroosh,
    Hassan},
  booktitle=ICPR, 
  year={2006}
}

@inproceedings{jacobs07geolocate,
  author={Nathan Jacobs and Scott Satkin and Nathaniel Roman and
    Richard Speyer and Robert Pless},
  title={Geolocating Static Cameras},
  booktitle=ICCV,
  year={2007}
}

@inproceedings{junejo2008estimating,
  title={Estimating geo-temporal location of stationary cameras
    using shadow trajectories},
  author={Junejo, Imran N and Foroosh, Hassan},
  booktitle=ECCV,
  year={2008},
}

@inproceedings{jacobs2011webcam,
  title={Webcam geo-localization using aggregate light levels},
  author={Jacobs, Nathan and Miskell, Kylia and Pless, Robert},
  booktitle=WACV_W,
  year={2011},
}

@article{sandnes2011determining,
  title={Determining the geographical location of image scenes based
    on object shadow lengths},
  author={Sandnes, Frode Eika},
  journal={Journal of Signal Processing Systems},
  year={2011},
}

@inproceedings{wu2010geo,
  title={Geo-location estimation from two shadow trajectories},
  author={Wu, Lin and Cao, Xiaochun},
  booktitle=CVPR,
  year={2010},
}

@article{junejo2010gps,
  title={GPS coordinates estimation and camera calibration from
    solar shadows},
  author={Junejo, Imran N and Foroosh, Hassan},
  journal={CVIU},
  year={2010},
}

@article{sandnes2010towards,
  title={Towards calibration-free geo-localization of stationary
    outdoor webcams},
  author={Sandnes, Frode Eika},
  journal={Norsk informatikkonferanse (NIK)},
  year={2010},
}

@inproceedings{jacobs2008toward,
  title={Toward fully automatic geo-location and geo-orientation of
    static outdoor cameras},
  author={Jacobs, Nathan and Roman, Nathaniel and Pless, Robert},
  booktitle=WACV_W,
  year={2008},
}

@inproceedings{kim2008radiometric,
  author={Seon Joo Kim and Frahm, J.-M. and Pollefeys, M.},
  title={Radiometric calibration with illumination change for
    outdoor scene analysis},
  booktitle=CVPR,
  year={2008}
}

@inproceedings{episolar,
  title={ The Episolar Constraint: Monocular Shape from Shadow
    Correspondence},
  author={Austin Abrams and Kylia Miskell and Robert Pless},
  booktitle=CVPR,
  year=2013
}

@inproceedings{sheddingLight,
  author={S.G. Narasimhan and S.K. Nayar},
  title={{S}hedding {L}ight on the {W}eather},
  booktitle=CVPR,
  year={2003}
}

@inproceedings{removingWeather,
  author={S.G. Narasimhan and S.K. Nayar},
  title={{R}emoving {W}eather {E}ffects from {M}onochrome {I}mages},
  booktitle=CVPR,
  year={2001}
}

@inproceedings{islam13webcamweather,
  author={Mohammad Islam and Nathan Jacobs and Hui Wu and Richard
    Souvenir},
  title={Images+Weather: Collection, Validation, and Refinement},
  year=2013,
  booktitle={IEEE Conference on Computer Vision and Pattern
    Recognition Workshop on Ground Truth (CVPRW)},
}

@inproceedings{laffont2013eoa,
  author={Laffont, Pierre-Yves and Hays, James},
  title={Exploring Outdoor Appearance Changes with Transient Scene
    Attributes},
  booktitle={SIGGRAPH Asia 2013 (poster)},
  year={2013},
}

@inproceedings{jacobs2014cloudmap,
  title={Estimating Cloudmaps from Outdoor Image Sequences},
  author={Nathan Jacobs and Joshua King and Daniel Bowers and Richard
    Souvenir},
  booktitle=WACV_C,
  year=2014
}

@inproceedings{murdock13clouds,
  author={Calvin Murdock and Nathan Jacobs and Robert
    Pless},
  title={Webcam2Satellite: Estimating Cloud Maps from Webcam
    Imagery},
  year=2013,
  booktitle=WACV_W,
}

@article{jacobs2013pami,
  author={Nathan Jacobs and Austin Abrams and Robert Pless},
  title={Two Cloud-Based Cues for Estimating Scene Structure and
    Camera Calibration},
  journal=T-PAMI,
  year={2013},
}

@article{sunkavalli2007timelapse,
  author={Kalyan Sunkavalli and Wojciech Matusik and Hanspeter
    Pfister and
      Szymon Rusinkiewicz},
  title={Factored Time-Lapse Video},
  journal=SIGGRAPH, 
  year={2007},
}

@inproceedings{sunkavalli2008color,
  author={Sunkavalli, K. and Romeiro, F. and Matusik, W. and
    Zickler, T. and
      Pfister, H.},
  title={What do color changes reveal about an outdoor scene?},
  booktitle=CVPR,
  year={2008}
}

@inproceedings{abramsheliometric,
  author={Austin Abrams and Christopher Hawley and Robert Pless},
  title={Heliometric Stereo: Shape From Sun Position},
  year=2012,
  booktitle=ECCV
} 

@inproceedings{ackermann2012photometric,
  title={Photometric stereo for outdoor webcams},
  author={Ackermann, J. and Langguth, F. and Fuhrmann, S. and
    Goesele, M.},
  booktitle=CVPR,
  year={2012}
}

@inproceedings{shen2009photometric,
  title={Photometric stereo and weather estimation using internet
    images},
  author={Shen, Li and Tan, Ping},
  booktitle=CVPR,
  year={2009},
}

@inproceedings{peng2013cloud,
  title={Take Your Favorite Cloud with You},
  author={Kuan-Chuan Peng and Tsuhan Chen}, 
  booktitle=ICCV,
  year={2013}
}

@inproceedings{jacobs13multiday,
  author={Nathan Jacobs and Scott Workman and Richard Souvenir},
  title={Scene Geometry from Several Partly Cloudy Days},
  booktitle=ICDSC,
  year=2013
}

@article{he2011single,
  title={Single image haze removal using dark channel prior},
  author={He, Kaiming and Sun, Jian and Tang, Xiaoou},
  journal=T-PAMI,
  year={2011}
}

@article{wu2010camera,
  title={Camera calibration and geo-location estimation from two
    shadow trajectories},
  author={Wu, Lin and Cao, Xiaochun and Foroosh, Hassan},
  journal=CVIU,
  year={2010}
}

@article{nussenzveig1977theory,
  title={The theory of the rainbow},
  author={Nussenzveig, H Moyses},
  journal={Scientific American},
  year={1977}
}

@article{lee1998mie,
  title={Mie theory, Airy theory, and the natural rainbow},
  author={Lee, Raymond L},
  journal={Applied Optics},
  year={1998}
}

@article{sadeghi2012physically,
  title={Physically-based simulation of rainbows},
  author={Sadeghi, Iman and Munoz, Adolfo and Laven, Philip and
    Jarosz, Wojciech and Seron, Francisco and Gutierrez, Diego and
      Jensen, Henrik Wann},
  journal=TOG,
  year={2012}
}

@inproceedings{cox2008least,
  title={Least squares congealing for unsupervised alignment of
    images},
  author={Cox, Mark and Sridharan, Sridha and Lucey, Simon and Cohn,
    Jeffrey},
  booktitle=CVPR,
  year={2008}
}

@article{perez2003poisson,
  title={Poisson image editing},
  author={P{\'e}rez, Patrick and Gangnet, Michel and Blake, Andrew},
  journal=TOG,
  year={2003}
}

@article{reda2004solar,
  title={Solar position algorithm for solar radiation applications},
  author={Reda, Ibrahim and Andreas, Afshin},
  journal={Solar energy},
  year={2004}
}

@inproceedings{cozman1995robot,
  title={Robot localization using a computer vision sextant},
  author={Cozman, Fabio and Krotkov, Eric},
  booktitle={ICRA},
  year={1995}
}

@article{ullman1979interpretation,
  title={The interpretation of structure from motion},
  author={Ullman, Shimon},
  journal={Proceedings of the Royal Society of London. Series B.
    Biological Sciences},
  year={1979}
}

@inproceedings{chen1987modeling,
  title={Modeling and calibration of a structured light scanner for
    3-D robot vision},
  author={Chen, C and Kak, A},
  booktitle={ICRA},
  year={1987}
}

@inproceedings{jacobs09webcamgis,
  title={The global network of outdoor webcams: properties and
    applications},
  author={Jacobs, Nathan and Burgin, Walker and Fridrich, Nick and
    Abrams, Austin and Miskell, Kylia and Braswell, Bobby H and
      Richardson, Andrew D and Pless, Robert},
  booktitle={ACM SIGSPATIAL GIS},
  year={2009}
}

@article{sonnentag2012digital,
  title={Digital repeat photography for phenological research in
    forest ecosystems},
  author={Sonnentag, Oliver and Hufkens, Koen and Teshera-Sterne, Cory
    and Young, Adam M and Friedl, Mark and Braswell, Bobby H and
      Milliman, Thomas and O’Keefe, John and Richardson, Andrew D},
  journal={Agricultural and Forest Meteorology},
  year={2012}
}

@article{mossbauer2012management,
  title={Management of stranded eelgrass and macroalgae along the
    German Baltic coastline},
  author={Mossbauer, Matthias and Haller, Inga and Dahlke, Sven and
    Schernewski, Gerald},
  journal={Ocean \& Coastal Management},
  year={2012}
}

@article{migliavacca2011using,
  title={Using digital repeat photography and eddy covariance data to
    model grassland phenology and photosynthetic CO2 uptake},
  author={Migliavacca, Mirco and Galvagno, Marta and Cremonese,
    Edoardo and Rossini, Micol and Meroni, Michele and Sonnentag,
    Oliver and Cogliati, Sergio and Manca, Giovanni and Diotri,
    Fabrizio and Busetto, Lorenzo and others},
  journal={Agricultural and forest meteorology},
  year={2011}
}

@article{sonnentag2011tracking,
  title={Tracking the structural and functional development of a
    perennial pepperweed (Lepidium latifolium L.) infestation using a
      multi-year archive of webcam imagery and eddy covariance
      measurements},
  author={Sonnentag, O and Detto, M and Vargas, R and Ryu, Y and
    Runkle, BRK and Kelly, M and Baldocchi, DD},
  journal={Agricultural and Forest Meteorology},
  year={2011}
}

@inproceedings{martinsClouds2010,
  title={Estimation and Prediction of Cloudiness from Ground-Based
    All-Sky Hemispherical Digital Images},
  author={Martins, Igor AC and Ferreira, Pedro M and Ruano,
    Ant{\'o}nio E},
  booktitle={Portuguese Conference on Automatic Control},
  year={2010}
}

@Article{hippPless2013,
  title={Emerging technologies: webcams and crowd-sourcing to identify
    active transportation},
  author={J Aaron Hipp and Deepti Adlakha and Amy A Eyler and Bill
    Chang and Robert Pless},
  journal={American Journal of Preventitive Medicine},
  year={2013}
}

@inproceedings{liebowitz1998metric,
  title={Metric rectification for perspective images of planes},
  author={Liebowitz, David and Zisserman, Andrew},
  booktitle=CVPR,
  year={1998}
}

@article{grossberg2005raxel,
  title={The raxel imaging model and ray-based calibration},
  author={Grossberg, Michael D and Nayar, Shree K},
  journal=IJCV,
  year={2005}
}

@article{mccartney1977optics,
  title={Optics of the Atmosphere: Scattering by Molecules and
    Particles},
  author={McCartney, Earl J and Hall, Freeman F},
  journal={Physics Today},
  year={1977}
}

@article{tipping1999probabilistic,
  title={Probabilistic principal component analysis},
  author={Tipping, Michael E and Bishop, Christopher M},
  journal={Journal of the Royal Statistical Society: Series B
    (Statistical Methodology)},
  year={1999}
}

@article{nelder1965simplex,
  title={A simplex method for function minimization},
  author={Nelder, John A and Mead, Roger},
  journal={The Computer Journal},
  year={1965}
}

@inproceedings{breitenstein2009,
  title = {Hunting Nessie---Real-Time Abnormality Detection from
    Webcams},
  author = {Michael D. Breitenstein and Helmut Grabner and Luc Van
    Gool},
  booktitle = {IEEE Workshop on Visual Surveillance},
  year = {2009}
}

@article{cao2007camera,
  title={Camera calibration and light source orientation from solar
    shadows},
  author={Cao, X. and Foroosh, H.},
  journal=CVIU,
  year={2007}
}

@inproceedings{sheikh2006shape,
  title={Shape from dynamic texture for planes},
  author={Sheikh, Y. and Haering, N. and Shah, M.},
  booktitle=CVPR,
  year={2006}
}

@article{luo2002physical,
  title={A physical model-based approach to detecting sky in
    photographic images},
  author={Luo, J. and Etz, S.P.},
  journal=T-IP,
  year={2002}
}

@inproceedings{wright_2005,
  title={Analysis of Persistent Motion Patterns Using the 3D Structure
    Tensor},
  author={John Wright and Robert Pless},
  booktitle=WACV_W,
  year={2005}
}

@article{mcloughlin2010over,
  title={Over Two Decades of Integration-Based, Geometric Flow
    Visualization},
  author={McLoughlin, T. and Laramee, R.S. and Peikert, R. and Post,
    F.H. and Chen, M.},
  journal={Computer Graphics Forum},
  year={2010}
}

@article{prescott1997line,
  title={Line-based correction of radial lens distortion},
  author={Prescott, B. and McLean, GF},
  journal={Graphical Models and Image Processing},
  year={1997}
}

@inproceedings{bergen1992hierarchical,
  title={Hierarchical model-based motion estimation},
  author={Bergen, J. and Anandan, P. and Hanna, K. and Hingorani,
    R.},
  booktitle=ECCV,
  year={1992}
}

@inproceedings{tian1996comparison,
  title={Comparison of approaches to egomotion computation},
  author={Tian, T.Y. and Tomasi, C. and Heeger, D.J.},
  booktitle=CVPR,
  year={1996}
}

@article{horn1988direct,
  title={Direct methods for recovering motion},
  author={Horn, Berthold KP and Weldon Jr, EJ},
  journal=IJCV,
  year={1988}
}

@article {caprile1990,
  author = {Caprile, B. and Torre, V.},
  title = {Using vanishing points for camera calibration},
  journal = IJCV,
  year = {1990}
}

@inproceedings{wilczkowiak2001camera,
  title={Camera calibration and 3d reconstruction from single images
    using parallelepipeds},
  author={Wilczkowiak, M. and Boyer, E. and Sturm, P.},
  booktitle=ICCV,
  year={2001}
}

@inproceedings{abrams2012lost,
  title={LOST: Longterm Observation of Scenes (with Tracks)},
  author={Abrams, A. and Tucek, J. and Little, J. and Jacobs, N.
    and Pless, R.},
  booktitle=WACV_W,
  year={2012}
}

@inproceedings{abrams2010participatory,
  title={Participatory integration of live webcams into GIS},
  author={Abrams, A. and Fridrich, N. and Jacobs, N. and Pless,
    R.},
  booktitle={COM.GEO},
  year={2010}
}

@inproceedings{beardsley1992camera,
  title={Camera calibration using vanishing points},
  author={Beardsley, P. and Murray, D.},
  booktitle=BMVC,
  year={1992}
}

@article{criminisi2000single,
  title={Single view metrology},
  author={Criminisi, Antonio and Reid, Ian and Zisserman, Andrew},
  journal=IJCV,
  year={2000}
}

@inproceedings{lin2004radiometric,
  title={Radiometric calibration from a single image},
  author={Lin, Stephen and Gu, Jinwei and Yamazaki, Shuntaro and
    Shum, Heung-Yeung},
  booktitle=CVPR,
  year={2004}
}

@article{caprile1990using,
  title={Using vanishing points for camera calibration},
  author={Caprile, Bruno and Torre, Vincent},
  journal=IJCV,
  year={1990}
}

@article{boyadzhiev2013user,
  title={User-assisted Image Compositing for Photographic Lighting},
  author={Boyadzhiev, Ivaylo and Paris, Sylvain and Bala, Kavita},
  journal=TOG,
  year={2013}
}

@inproceedings{cipolla1999camera,
  title={Camera Calibration from Vanishing Points in Image of
    Architectural Scenes.},
  author={Cipolla, Roberto and Drummond, Tom and Robertson, Duncan P},
  booktitle=BMVC,
  year={1999}
}

@inproceedings{deutscher2002automatic,
  title={Automatic camera calibration from a single manhattan
    image},
  author={Deutscher, Jonathan and Isard, Michael and MacCormick,
    John},
  booktitle=ECCV,
  year={2002}
}

@inproceedings{xu2013minimum,
  title={A minimum error vanishing point detection approach for
    uncalibrated monocular images of man-made environments},
  author={Xu, Yiliang and Oh, Sangmin and Hoogs, Anthony},
  booktitle=CVPR,
  year={2013}
}

@book{criminisi2001accurate,
  title={Accurate visual metrology from single and multiple
    uncalibrated images},
  author={Criminisi, Antonio},
  publisher={Springer},
  year={2001}
}

@article{abrams2013web,
  title={Web-accessible geographic integration and calibration of
    webcams},
  author={Abrams, Austin and Pless, Robert},
  journal={TOMCCAP},
  year={2013}
}

@article{russell2008labelme,
  title={LabelMe: a database and web-based tool for image
    annotation},
  author={Russell, Bryan C and Torralba, Antonio and Murphy, Kevin
    P and Freeman, William T},
  journal=IJCV,
  year={2008}
}

@article{von2010lsd,
  title={LSD: A fast line segment detector with a false detection
    control},
  author={Von Gioi, R Grompone and Jakubowicz, Jeremie and Morel, J-M
    and Randall, Gregory},
  journal=T-PAMI,
  year={2010}
}

@inproceedings{barinova2010geometric,
  title={Geometric image parsing in man-made environments},
  author={Barinova, Olga and Lempitsky, Victor and Tretiak, Elena
    and Kohli, Pushmeet},
  booktitle=ECCV,
  year={2010}
}

@inproceedings{fouhey2013data,
  title={Data-driven 3D primitives for single image understanding},
  author={Fouhey, David F and Gupta, Abhinav and Hebert, Martial},
  booktitle=ICCV,
  year={2013}
}

@article{clowes1971seeing,
  title={On seeing things},
  author={Clowes, Maxwell B},
  journal={Artificial intelligence},
  year={1971}
}

@article{hoiem2007recovering,
  title={Recovering surface layout from an image},
  author={Hoiem, Derek and Efros, Alexei A and Hebert, Martial},
  journal=IJCV,
  year={2007}
}

@article{stylianou13jane,
  title={Finding Jane Doe: A Forensic Application of 2D Image
    Calibration},
  author={Stylianou, Abby and Abrams, Austin and Pless, Robert},
  journal={ICDP},
  year={2013}
}

@inproceedings{wah2013attribute,
  title={Attribute-Based Detection of Unfamiliar Classes with Humans
    in the Loop},
  author={Wah, Catherine and Belongie, Serge},
  booktitle=CVPR,
  year={2013}
}

@inproceedings{heikkila1997four,
  title={A four-step camera calibration procedure with implicit
    image correction},
  author={Heikkila, Janne and Silv{\'e}n, Olli},
  booktitle=CVPR,
  year={1997}
}

@article{tsai1987versatile,
  title={A versatile camera calibration technique for high-accuracy 3D
   vision metrology using off-the-shelf TV cameras and lenses},
  author={Tsai, Roger Y},
  journal={Robotics and Automation},
  year={1987}
}

@article{haralick1994review,
  title={Review and analysis of solutions of the three point
    perspective pose estimation problem},
  author={Haralick, Bert M and Lee, Chung-Nan and Ottenberg, Karsten
    and N{\"o}lle, Michael},
  journal=IJCV,
  year={1994}
}

@inproceedings{agrawal2013extrinsic,
  title={Extrinsic Camera Calibration Without a Direct View Using
    Spherical Mirror},
  author={Agrawal, Amit},
  booktitle=ICCV,
  year={2013}
}

@article{merritt1949explicit,
  title={Explicit Three-point resection in space},
  author={Merritt, EL},
  journal={Phot. Eng},
  year={1949}
}

@inproceedings{antunes2013global,
  title={A global approach for the detection of vanishing points and
    mutually orthogonal vanishing directions},
  author={Antunes, Michel and Barreto, Joao P},
  booktitle=CVPR,
  year={2013}
}

@inproceedings{li2012two,
  title={A two-view based multilayer feature graph for robot
    navigation},
  author={Li, Haifeng and Song, Dezhen and Lu, Yan and Liu,
    Jingtai},
  booktitle={ICRA},
  year={2012}
}

@inproceedings{wildenauer2012robust,
  title={Robust camera self-calibration from monocular images of
    manhattan worlds},
  author={Wildenauer, Horst and Hanbury, Allan},
  booktitle=CVPR,
  year={2012}
}

@inproceedings{hedau2009recovering,
  title={Recovering the spatial layout of cluttered rooms},
  author={Hedau, Varsha and Hoiem, Derek and Forsyth, David},
  booktitle=ICCV,
  year={2009}
}

@inproceedings{sinha2009piecewise,
  title={Piecewise planar stereo for image-based rendering.},
  author={Sinha, Sudipta N and Steedly, Drew and Szeliski,
    Richard},
  booktitle={ICCV},
  year={2009}
}

@inproceedings{bazin2012globally,
  title={Globally optimal line clustering and vanishing point
    estimation in Manhattan world},
  author={Bazin, J-C and Seo, Yongduek and Demonceaux, C{\'e}dric
    and Vasseur, Pascal and Ikeuchi, Katsushi and Kweon, Inso and
      Pollefeys, Marc},
  booktitle=CVPR,
  year={2012}
}

@inproceedings{tardif2009non,
  title={Non-iterative approach for fast and accurate vanishing
    point detection},
  author={Tardif, J-P},
  booktitle=ICCV,
  year={2009}
}

@inproceedings{antone2000automatic,
  title={Automatic recovery of relative camera rotations for urban
    scenes},
  author={Antone, Matthew E and Teller, Seth},
  booktitle=CVPR,
  year={2000}
}

@book{denis2008efficient,
  title={Efficient edge-based methods for estimating manhattan
    frames in urban imagery},
  author={Denis, Patrick and Elder, James H and Estrada, Francisco
    J},
  publisher={Springer},
  year={2008}
}

@inproceedings{jiang2005detection,
  title={Detection of concentric circles for camera calibration},
  author={Jiang, Guang and Quan, Long},
  booktitle=ICCV,
  year={2005}
}

@inproceedings{sturm1999plane,
  title={On plane-based camera calibration: A general algorithm,
    singularities, applications},
  author={Sturm, Peter F and Maybank, Stephen J},
  booktitle={Computer Vision and Pattern Recognition, 1999. IEEE
    Computer Society Conference on.},
  year={1999}
}

@inproceedings{batra2010icoseg,
  title={icoseg: Interactive co-segmentation with intelligent
    scribble guidance},
  author={Batra, Dhruv and Kowdle, Adarsh and Parikh, Devi and
    Luo, Jiebo and Chen, Tsuhan},
  booktitle=CVPR,
  year={2010}
}

@inproceedings{branson2010visual,
  title={Visual recognition with humans in the loop},
  author={Branson, Steve and Wah, Catherine and Schroff, Florian
    and Babenko, Boris and Welinder, Peter and Perona, Pietro and
      Belongie, Serge},
  booktitle=ECCV,
  year={2010}
}

@inproceedings{huang2001image,
  title={Image retrieval with relevance feedback: From heuristic
    weight adjustment to optimal learning methods},
  author={Huang, Thomas S and Zhou, Xiang Sean},
  booktitle={ICIP},
  year={2001}
}

@article{kowdle2014putting,
  title={Putting the User in the Loop for Image-Based Modeling},
  author={Kowdle, Adarsh and Chang, Yao-Jen and Gallagher, Andrew and
  Batra, Dhruv and Chen, Tsuhan},
  journal=IJCV,
  year={2014}
}

@book{ma2004invitation,
  title={An invitation to 3-d vision: from images to geometric
    models},
  author={Ma, Yi},
  year={2004},
  publisher={Springer}
}

@inproceedings{narasimhan2002all,
  title={All the images of an outdoor scene},
  author={Narasimhan, Srinivasa G and Wang, Chi and Nayar, Shree
    K},
  booktitle=ECCV,
  year={2002}
}

@inproceedings{raza2013geometric,
  title={Geometric Context from Videos},
  author={Raza, S Hussain and Grundmann, Matthias and Essa,
    Irfan},
  booktitle=CVPR,
  year={2013}
}

@inproceedings{black1996eigentracking,
  title={Eigentracking: Robust matching and tracking of articulated
    objects using a view-based representation},
  author={Black, Michael J and Jepson, Allan D},
  booktitle=ECCV,
  year={1996}
}

@article{dean2008mapreduce,
  title={MapReduce: simplified data processing on large clusters},
  author={Dean, Jeffrey and Ghemawat, Sanjay},
  journal={Communications of the ACM},
  year={2008}
}

@article{brown1966decentering,
  title={Decentering distortion of lenses},
  author={Brown, Duane C},
  journal={Photometric Engineering},
  year={1966}
}

@inproceedings{grossberg2006can,
  title={What can be known about the radiometric response from
    images?},
  author={Grossberg, Michael and Nayar, Shree},
  booktitle=ECCV,
  year={2006}
}

@inproceedings{tsochantaridis2004support,
  title={Support vector machine learning for interdependent and
    structured output spaces},
  author={Tsochantaridis, Ioannis and Hofmann, Thomas and
    Joachims, Thorsten and Altun, Yasemin},
  booktitle={ICML},
  year={2004}
}

@article{akyildiz2002wireless,
  title={Wireless sensor networks: a survey},
  author={Akyildiz, Ian F and Su, Weilian and Sankarasubramaniam,
    Yogesh and Cayirci, Erdal},
  journal={Computer networks},
  year={2002}
}

@article{devarajan2008calibrating,
  title={Calibrating distributed camera networks},
  author={Devarajan, Dhanya and Cheng, Zhaolin and Radke, Richard
    J},
  journal={Proceedings of the IEEE},
  year={2008}
}

@article{ermis2010activity,
  title={Activity based matching in distributed camera networks},
  author={Ermis, Erhan Baki and Clarot, Pierre and Jodoin, P and
    Saligrama, Venkatesh},
  journal=T-IP,
  year={2010}
}

@article{shirmohammadi2012self,
  title={Self-localizing smart camera networks},
  author={Shirmohammadi, Babak and Taylor, Camillo J},
  journal={TOSN},
  year={2012}
}

@inproceedings{clarot2009unsupervised,
  title={Unsupervised camera network structure estimation based on
    activity},
  author={Clarot, Pierre and Ermis, Erhan B and Jodoin, P and
    Saligrama, Venkatesh},
  booktitle=ICDSC,
  year={2009}
}

@article{sandnes2010photo,
  title={Where was that photo taken? Deriving geographical
    information from image collections based on temporal exposure
      attributes},
  author={Sandnes, Frode Eika},
  journal={Multimedia Systems},
  year={2010}
}

@misc{firstwebcam,
  title={The Story of the Trojan Room Coffee Pot},
  author={Stafford-Fraser, Quentin},
  howpublished={\url{http://www.cl.cam.ac.uk/coffee/qsf/timeline.html}}
}

@incollection{xie2008estimating,
  title={Estimating atmospheric visibility using general-purpose
    cameras},
  author={Xie, Ling and Chiu, Alex and Newsam, Shawn},
  booktitle={Advances in Visual Computing},
  publisher={Springer},
  year={2008}
}

@article{guillen2008long,
  title={Long-term quantification of beach users using video
    monitoring},
  author={Guill{\'e}n, Jorge and Garc{\'\i}a-Olivares, Antonio and
    Ojeda, Elena and Osorio, Andres and Chic, Oscar and Gonz{\'a}lez,
    Raul},
  journal={Journal of Coastal Research},
  year={2008}
}

@article{holman2003applying,
  title={Applying video sensor networks to nearshore environment
    monitoring},
  author={Holman, Rob and Stanley, John and Ozkan-Haller, Tuba},
  journal={Pervasive Computing, IEEE},
  year={2003}
}

@article{richardson2009near,
  title={Near-surface remote sensing of spatial and temporal
    variation in canopy phenology},
  author={Richardson, Andrew D and Braswell, Bobby H and
    Hollinger, David Y and Jenkins, Julian P and Ollinger, Scott
      V},
  journal={Ecological Applications},
  year={2009}
}

@article{morisette2008tracking,
  title={Tracking the rhythm of the seasons in the face of global
    change: phenological research in the 21st century},
  author={Morisette, Jeffrey T and Richardson, Andrew D and Knapp,
    Alan K and Fisher, Jeremy I and Graham, Eric A and Abatzoglou,
    John and Wilson, Bruce E and Breshears, David D and Henebry,
    Geoffrey M and Hanes, Jonathan M and others},
  journal={Frontiers in Ecology and the Environment},
  year={2008}
}

@inproceedings{rufenacht2014temporally,
  title={Temporally Consistent Snow Cover Estimation from Noisy,
    Irregularly Sampled Measurements},
  author={R{\"u}fenacht, Dominic and Brown, Matthew and Beutel, Jan
    and S{\"u}sstrunk, Sabine},
  booktitle={VISAPP},
  year={2014}
}

@inproceedings{swears2009functional,
  title={Functional scene element recognition for video scene
    analysis},
  author={Swears, Eran and Hoogs, Anthony},
  booktitle={IEEE Workshop on Motion and Video Computing},
  year={2009},
}

@inproceedings{zen2013nobody,
  title={Nobody likes Mondays: foreground detection and behavioral
    patterns analysis in complex urban scenes},
  author={Zen, Gloria and Krumm, John and Sebe, Nicu and Horvitz,
    Eric and Kapoor, Ashish},
  booktitle={ACM/IEEE Workshop on Analysis and Retrieval of Tracked
    Events and Motion in Imagery Streams},
  year={2013},
}

@inproceedings{narasimhan2003shedding,
  title={Shedding light on the weather},
  author={Narasimhan, Srinivasa G and Nayar, Shree K},
  booktitle=CVPR,
  year={2003},
}

@inproceedings{jacobs09webcamdata,
  author={Nathan Jacobs and Walker Burgin and Richard Speyer and David
    Ross and Robert Pless},
  title={{Adventures in Archiving and Using Three Years of Webcam
    Images}},
  booktitle={{IEEE} {CVPR} {W}orkshop on {I}nternet {V}ision},
  year=2009,
}



@inproceedings{lin2013cross,
  title={Cross-View Image Geolocalization},
  author={Lin, Tsung-Yi and Belongie, Serge and Hays, James},
  booktitle=CVPR,
  year={2013}
}

@inproceedings{hadsell2006dimensionality,
  title={Dimensionality reduction by learning an invariant mapping},
  author={Hadsell, Raia and Chopra, Sumit and LeCun, Yann},
  booktitle=CVPR,
  year={2006}
}

@inproceedings{pinheiro2014recurrent,
  title={Recurrent convolutional neural networks for scene
    labeling},
  author={Pinheiro, Pedro and Collobert, Ronan},
  booktitle=ICML,
  year={2014}
}

@misc{jia13caffe,
  Author = {Yangqing Jia},
  Title = { {Caffe}: An Open Source Convolutional Architecture
    for Fast Feature Embedding},
  Year  = {2013},
  Howpublished = {\url{http://caffe.berkeleyvision.org/}}
}

@inproceedings{zhou2014places,
  title={{Learning Deep Features for Scene Recognition using Places
    Database.}},
  author={Zhou, B. and Lapedriza, A. and Xiao, J. and Torralba, A.
    and Oliva, A.},
  booktitle=NIPS,
  year={2014}
}

@inproceedings{krizhevsky2012imagenet,
  title={Imagenet classification with deep convolutional neural
    networks},
  author={Krizhevsky, Alex and Sutskever, Ilya and Hinton,
    Geoffrey E},
  booktitle=NIPS,
  year={2012}
}

@inproceedings{taigman2014deepface,
  title={Deepface: Closing the gap to human-level performance in
    face verification},
  author={Taigman, Yaniv and Yang, Ming and Ranzato, Marc'Aurelio
    and Wolf, Lior},
  booktitle=CVPR,
  year={2014}
}

@article{girshick2013rich,
  title={Rich feature hierarchies for accurate object detection and
    semantic segmentation},
  author={Girshick, Ross and Donahue, Jeff and Darrell, Trevor and
    Malik, Jitendra},
  journal={arXiv preprint arXiv:1311.2524},
  year={2013}
}

@inproceedings{dong2014learning,
  title={Learning a deep convolutional network for image
    super-resolution},
  author={Dong, Chao and Loy, Chen Change and He, Kaiming and
    Tang, Xiaoou},
  booktitle=ECCV,
  year={2014}
}

@inproceedings{jaderberg2014deep,
  title={Deep features for text spotting},
  author={Jaderberg, Max and Vedaldi, Andrea and Zisserman,
    Andrew},
  booktitle=ECCV,
  year={2014}
}

@inproceedings{islam2014exploring,
  title={Exploring the geo-dependence of human face appearance},
  author={Islam, Mohammad T and Workman, Scott and Wu, Hui and
    Jacobs, Nathan and Souvenir, Richard},
  booktitle=WACV_C,
  year={2014}
}

@inproceedings{patterson2012sun,
  title={Sun attribute database: Discovering, annotating, and
    recognizing scene attributes},
  author={Patterson, Genevieve and Hays, James},
  booktitle=CVPR,
  year={2012}
}

@inproceedings{quercia2014aesthetic,
  title={Aesthetic capital: what makes london look beautiful, quiet,
    and happy?},
  author={Quercia, Daniele and O'Hare, Neil Keith and Cramer,
    Henriette},
  booktitle={{ACM Conference on Computer
    Supported Cooperative Work and Social Computing}},
  year={2014}
}

@article{doersch2012what,
  title={What Makes Paris Look like Paris?},
  author={Carl Doersch and Saurabh Singh and Abhinav Gupta and
    Josef Sivic and Alexei A. Efros},
  journal=SIGGRAPH,
  volume={31},
  number={4},
  year={2012}
}

@article{fang2014discovering,
  title={Discovering Geo-Informative Attributes for Location
    Recognition and Exploration},
  author={Fang, Quan and Sang, Jitao and Xu, Changsheng},
  journal={ACM Transactions on Multimedia Computing,
    Communications, and Applications (TOMM)},
  volume={11},
  number={1s},
  pages={19},
  year={2014},
  publisher={ACM}
}

@article{fischer2014descriptor,
  title={Descriptor Matching with Convolutional Neural Networks: a
    Comparison to SIFT},
  author={Fischer, Philipp and Dosovitskiy, Alexey and Brox,
    Thomas},
  journal={arXiv preprint arXiv:1405.5769},
  year={2014}
}

@article{razavian2014cnn,
  title={CNN Features off-the-shelf: an Astounding Baseline for
    Recognition},
  author={Razavian, Ali Sharif and Azizpour, Hossein and Sullivan,
    Josephine and Carlsson, Stefan},
  journal={arXiv preprint arXiv:1403.6382},
  year={2014}
}

@article{laffont14,
  title={Transient Attributes for High-Level Understanding and
    Editing of Outdoor Scenes},
  author={Pierre-Yves Laffont and Zhile Ren and Xiaofeng Tao
    and Chao Qian and James Hays},
  journal=SIGGRAPH,
  volume={33},
  number={4},
  year={2014}
}

@inproceedings{jacobs11geolocate,
  author={Nathan Jacobs and Kylia Miskell and Robert Pless},
  title={{Webcam Geo-localization using Aggregate Light Levels}},
  booktitle=WACV_W,
  year=2011
}

@inproceedings{jacobs08geoorient,
  author={Nathan Jacobs and Nathaniel Roman and Robert Pless},
  title={{Toward Fully Automatic Geo-Location and Geo-Orientation of
    Static Outdoor Cameras}},
  booktitle=WACV_W,
  year=2008
}

@article{snavely2006photo,
  title={Photo tourism: exploring photo collections in 3D},
  author={Snavely, Noah and Seitz, Steven M and Szeliski,
    Richard},
  journal=TOG,
  volume={25},
  number={3},
  pages={835--846},
  year={2006}
}

@inproceedings{hays2008im2gps,
  title={IM2GPS: estimating geographic information from a single
    image},
  author={Hays, James and Efros, Alexei A},
  booktitle=CVPR,
  year={2008}
}

@inproceedings{baatz2012large,
  title={Large scale visual geo-localization of images in
    mountainous terrain},
  author={Baatz, Georges and Saurer, Olivier and K{\"o}ser, Kevin
    and Pollefeys, Marc},
  booktitle=ECCV,
  year={2012}
}

@inproceedings{deng2009imagenet,
  title={Imagenet: A large-scale hierarchical image database},
  author={Deng, Jia and Dong, Wei and Socher, Richard and Li,
    Li-Jia and Li, Kai and Fei-Fei, Li},
  booktitle=CVPR,
  year={2009}
}

@inproceedings{zhou2014recognizing,
  title={Recognizing City Identity via Attribute Analysis of
    Geo-tagged Images},
  author={Zhou, Bolei and Liu, Liu and Oliva, Aude and Torralba,
    Antonio},
  booktitle=ECCV,
  year={2014}
}

@inproceedings{torralba2003context,
  title={Context-based vision system for place and object recognition},
  author={Torralba, Antonio and Murphy, Kevin P and Freeman, William T and Rubin, Mark A},
  booktitle=CVPR,
  year={2003},
}

@inproceedings{schindler2007city,
  title={City-scale location recognition},
  author={Schindler, Grant and Brown, Matthew and Szeliski,
    Richard},
  booktitle=CVPR,
  year={2007}
}

@inproceedings{chen2011city,
  title={City-scale landmark identification on mobile devices},
  author={Chen, David M and Baatz, Georges and Koser, K and Tsai,
    Sam S and Vedantham, Ramakrishna and Pylvanainen, Timo and
      Roimela, Kimmo and Chen, Xin and Bach, Jeff and Pollefeys,
    Marc and others},
  booktitle=CVPR,
  year={2011}
}

@inproceedings{crandall2009mapping,
  title={Mapping the world's photos},
  author={Crandall, David J and Backstrom, Lars and Huttenlocher,
    Daniel and Kleinberg, Jon},
  booktitle=WWW,
  year={2009}
}

@inproceedings{karpathy2014large,
  title={Large-scale video classification with convolutional neural
    networks},
  author={Karpathy, Andrej and Toderici, George and Shetty,
    Sanketh and Leung, Thomas and Sukthankar, Rahul and Fei-Fei,
    Li},
  booktitle=CVPR,
  year={2014}
}


@article{tighe2013superparsing,
  title={Superparsing: scalable nonparametric image parsing with
    superpixels},
  author={Tighe, Joseph and Lazebnik, Svetlana},
  journal=IJCV,
  volume={101},
  number={2},
  pages={329--349},
  year={2013},
}

@inproceedings{he2009learning,
  title={Learning hybrid models for image annotation with partially
    labeled data},
  author={He, Xuming and Zemel, Richard S},
  booktitle=NIPS,
  year={2009}
}

@inproceedings{ladicky2009associative,
  title={Associative hierarchical crfs for object class image
    segmentation},
  author={Ladicky, Lubor and Russell, Christopher and Kohli,
    Pushmeet and Torr, Philip HS},
  booktitle=ICCV,
  year={2009},
}

@inproceedings{gould2009decomposing,
  title={Decomposing a scene into geometric and semantically
    consistent regions},
  author={Gould, Stephen and Fulton, Richard and Koller, Daphne},
  booktitle=ICCV,
  year={2009},
}

@inproceedings{grangier2009deep,
  title={Deep convolutional networks for scene parsing},
  author={Grangier, David and Bottou, L{\'e}on and Collobert,
    Ronan},
  booktitle={ICML Deep Learning Workshop},
  year={2009},
}

@inproceedings{schulz2012learning,
  title={Learning object-class segmentation with convolutional
    neural networks},
  author={Schulz, Hannes and Behnke, Sven},
  booktitle={European Symposium on Artificial Neural
    Networks},
  year={2012}
}

@article{farabet2013learning,
  title={Learning hierarchical features for scene labeling},
  author={Farabet, Cl{\'e}ment and Couprie, Camille and Najman,
    Laurent and LeCun, Yann},
  journal=T-PAMI,
  volume={35},
  number={8},
  pages={1915--1929},
  year={2013},
}

@article{liu2011nonparametric,
  title={Nonparametric scene parsing via label transfer},
  author={Liu, Ce and Yuen, Jenny and Torralba, Antonio},
  journal=T-PAMI,
  volume={33},
  number={12},
  pages={2368--2382},
  year={2011}
}

@inproceedings{sattler2014sampling,
  title={On Sampling Focal Length Values to Solve the Absolute Pose
    Problem},
  author={Sattler, Torsten and Sweeney, Chris and Pollefeys,
    Marc},
  booktitle=ECCV,
  year={2014},
}

@article{lin2013network,
  title={Network in Network},
  author={Lin, Min and Chen, Qiang and Yan, Shuicheng},
  journal={arXiv preprint arXiv:1312.4400},
  year={2013}
}

@inproceedings{eigen2014depth,
  title={Depth map prediction from a single image using a
    multi-scale deep network},
  author={Eigen, David and Puhrsch, Christian and Fergus, Rob},
  booktitle=NIPS,
  year={2014}
}

@article{sukhnaatar2014noisy,
  title={Learning from Noisy Labels with Deep Neural Networks},
  author={Sukhbaatar, Sainbayar and Fergus, Rob},
  journal={arXiv preprint arXiv:1406.2080},
  year={2014}
}

@inproceedings{leung2010proximate,
  title={Proximate sensing: Inferring what-is-where from
    georeferenced photo collections},
  author={Leung, Daniel and Newsam, Shawn},
  booktitle=CVPR,
  year={2010},
}

@book{anderson1976land,
  title={A land use and land cover classification system for use
    with remote sensor data},
  author={Anderson, James Richard},
  volume={964},
  year={1976},
  publisher={US Government Printing Office}
}

@article{huang2002assessment,
  title={An assessment of support vector machines for land cover
    classification},
  author={Huang, C and Davis, LS and Townshend, JRG},
  journal={International Journal of Remote Sensing},
  volume={23},
  number={4},
  pages={725--749},
  year={2002}
}

@inproceedings{yang2010bag,
  title={Bag-of-visual-words and spatial extensions for land-use
    classification},
  author={Yang, Yi and Newsam, Shawn},
  booktitle={International Conference on Advances in Geographic
    Information Systems},
  year={2010},
}

@inproceedings{yang2012estimating,
  title={Estimating the spatial extents of geospatial objects using
    hierarchical models},
  author={Yang, Yi and Newsam, Shawn},
  booktitle=WACV_W,
  year={2012},
}

@inproceedings{mnih2010learning,
  title={Learning to detect roads in high-resolution aerial images},
  author={Mnih, Volodymyr and Hinton, Geoffrey E},
  booktitle=ECCV,
  pages={210--223},
  year={2010}
}

@inproceedings{lv2014classification,
  title={Classification of land cover based on deep belief networks
    using polarimetric RADARSAT-2 data},
  author={Lv, Qi and Dou, Yong and Niu, Xin and Xu, Jiaqing and
    Li, Baoliang},
  booktitle={Geoscience and Remote Sensing Symposium},
  year={2014},
}

@inproceedings{fei2005bayesian,
  title={A bayesian hierarchical model for learning natural scene
    categories},
  author={Fei-Fei, Li and Perona, Pietro},
  booktitle=CVPR,
  year={2005}
}

@inproceedings{lazebnik2006beyond,
  title={Beyond bags of features: Spatial pyramid matching for
    recognizing natural scene categories},
  author={Lazebnik, Svetlana and Schmid, Cordelia and Ponce,
    Jean},
  booktitle=CVPR,
  year={2006}
}

@article{vogel2007semantic,
  title={Semantic modeling of natural scenes for content-based image
    retrieval},
  author={Vogel, Julia and Schiele, Bernt},
  journal=IJCV,
  volume={72},
  number={2},
  pages={133--157},
  year={2007},
}

@article{oliva2001modeling,
  title={Modeling the shape of the scene: A holistic representation
    of the spatial envelope},
  author={Oliva, Aude and Torralba, Antonio},
  journal=IJCV,
  volume={42},
  number={3},
  pages={145--175},
  year={2001},
}

@inproceedings{quattoni2009recognizing,
  title={Recognizing indoor scenes},
  author={Quattoni, Ariadna and Torralba, Antonio},
  booktitle=CVPR,
  year={2009}
}

@article{idelsohn1970learning,
  title={A learning system for terrain recognition},
  author={Idelsohn, JM},
  journal={Pattern Recognition},
  volume={2},
  number={4},
  pages={293--301},
  year={1970}
}

@article{bajcsy1976computer,
  title={Computer recognition of roads from satellite pictures},
  author={Bajcsy, Ruzena and Tavakoli, Mohamad},
  journal={IEEE Transactions on Systems, Man and Cybernetics},
  volume={6},
  number={9},
  pages={623--637},
  year={1976}
}

@phdthesis{mnih2013machine,
  title={Machine Learning for Aerial Image Labeling},
  author={Mnih, Volodymyr},
  year={2013},
  school={University of Toronto}
}

@inproceedings{baboud2011automatic,
  title={Automatic photo-to-terrain alignment for the annotation of mountain pictures},
  author={Baboud, Lionel and Cadik, Martin and Eisemann, Elmar and Seidel, H-P},
  booktitle=CVPR,
  year={2011},
}

@inproceedings{knopp2010avoiding,
  title={Avoiding confusing features in place recognition},
  author={Knopp, Jan and Sivic, Josef and Pajdla, Tomas},
  booktitle=eccv,
  year={2010},
}

@inproceedings{zhang2012mining,
  title={Mining photo-sharing websites to study ecological phenomena},
  author={Zhang, Haipeng and Korayem, Mohammed and Crandall, David J and LeBuhn, Gretchen},
  booktitle=WWW,
  year={2012},
}

@inproceedings{li2009landmark,
  title={Landmark classification in large-scale image collections},
  author={Li, Y. and Crandall, D.J. and Huttenlocher, D.P.},
  booktitle=CVPR,
  year={2009}
}

@article{schnebele2013improving,
  title={Improving remote sensing flood assessment using volunteered geographical data},
  author={Schnebele, E and Cervone, G},
  journal={Natural Hazards and Earth System Science},
  volume={13},
  number={3},
  pages={669--677},
  year={2013}
}

@article{hinton2006fast,
  title={A fast learning algorithm for deep belief nets},
  author={Hinton, Geoffrey and Osindero, Simon and Teh, Yee-Whye},
  journal={Neural computation},
  volume={18},
  number={7},
  pages={1527--1554},
  year={2006}
}

@inproceedings{workman2014rainbow,
  author={Scott Workman and R. Paul Mihail and Nathan Jacobs},
  title={{A Pot of Gold: Rainbows as a Calibration Cue}},
  booktitle=ECCV,
  year=2014
}

@article{workman2014distributed,
  author={Scott Workman and Richard Souvenir and Nathan Jacobs},
  title={{Scene Shape Estimation from Multiple Partly Cloudy Days}},
  journal=CVIU,
  year=2014,
  note={(to appear)},
}

@article{szegedy2014going,
  title={Going deeper with convolutions},
  author={Szegedy, Christian and Liu, Wei and Jia, Yangqing and
    Sermanet, Pierre and Reed, Scott and Anguelov, Dragomir and
      Erhan, Dumitru and Vanhoucke, Vincent and Rabinovich,
    Andrew},
  journal={arXiv preprint arXiv:1409.4842},
  year={2014}
}

@inproceedings{geoparser2010,
  title={Geometric image parsing in man-made environments},
  author={Barinova, Olga and Lempitsky, Victor and Tretiak, Elena
    and Kohli, Pushmeet},
  booktitle=ECCV,
  year={2010},
}

@inproceedings{wilson2014robust,
  title={Robust global translations with 1DSfM},
  author={Wilson, Kyle and Snavely, Noah},
  booktitle=ECCV,
  year={2014}
}

@article{snavely2008modeling,
  title={Modeling the world from internet photo collections},
  author={Snavely, Noah and Seitz, Steven M and Szeliski,
    Richard},
  journal=IJCV,
  volume={80},
  number={2},
  pages={189--210},
  year={2008}
}

@inproceedings{yosinski2014transferable,
  title={How transferable are features in deep neural networks?},
  author={Yosinski, Jason and Clune, Jeff and Bengio, Yoshua and
    Lipson, Hod},
  booktitle=NIPS,
  year={2014}
}

@article{jia2014caffe,
  author = {Jia, Yangqing and Shelhamer, Evan and Donahue, Jeff and
    Karayev, Sergey and Long, Jonathan and Girshick, Ross and
      Guadarrama, Sergio and Darrell, Trevor},
  journal = {arXiv preprint arXiv:1408.5093},
  title = {Caffe: Convolutional Architecture for Fast Feature
    Embedding},
  year = {2014}
}

@inproceedings{li2010simultaneous,
  title={Simultaneous vanishing point detection and camera
    calibration from single images},
  author={Li, Bo and Peng, Kun and Ying, Xianghua and Zha,
    Hongbin},
  booktitle={Advances in Visual Computing},
  year={2010}
}

@inproceedings{schindler2008detecting,
  title={Detecting and matching repeated patterns for automatic
    geo-tagging in urban environments},
  author={Schindler, Grant and Krishnamurthy, Panchapagesan and
    Lublinerman, Roberto and Liu, Yanxi and Dellaert, Frank},
  booktitle=CVPR,
  year={2008}
}

@article{oliva2005gist,
  title={Gist of the scene},
  author={Oliva, Aude},
  booktitle={Neurobiology of attention},
  pages={251--256},
  year={2005},
}

@article{mcculloch1943logical,
  title={A logical calculus of the ideas immanent in nervous
    activity},
  author={McCulloch, Warren S and Pitts, Walter},
  journal={The bulletin of mathematical biophysics},
  year={1943},
}

@article{rosenblatt1958perceptron,
  title={The perceptron: a probabilistic model for information
    storage and organization in the brain.},
  author={Rosenblatt, Frank},
  journal={Psychological review},
  year={1958},
}

@article{werbos1974beyond,
  title={Beyond regression: New tools for prediction and analysis in
    the behavioral sciences},
  author={Werbos, Paul},
  year={1974}
}

@article{minsky1969perceptrons,
  title={Perceptrons.},
  author={Minsky, Marvin and Seymour, Papert},
  year={1969},
  publisher={MIT press}
}

@article{lecun1989backpropagation,
  title={Backpropagation applied to handwritten zip code
    recognition},
  author={LeCun, Yann and Boser, Bernhard and Denker, John S and
    Henderson, Donnie and Howard, Richard E and Hubbard, Wayne and
      Jackel, Lawrence D},
  journal={Neural computation},
  year={1989},
}

@article{lee2015predicting,
  title={Predicting Geo-informative Attributes in Large-scale Image
    Collections using Convolutional Neural Networks},
  author={Lee, Stefan and Zhang, Haipeng and Crandall, David},
  journal=WACV_C,
  year={2015}
}

@inproceedings{mottaghi2014role,
  title={The role of context for object detection and semantic
    segmentation in the wild},
  author={Mottaghi, Roozbeh and Chen, Xianjie and Liu, Xiaobai and
    Cho, Nam-Gyu and Lee, Seong-Whan and Fidler, Sanja and
      Urtasun, Raquel and Yuille, Alan},
  booktitle=CVPR,
  year={2014}
}

@article{van2008visualizing,
  title={Visualizing data using t-SNE},
  author={Van der Maaten, Laurens and Hinton, Geoffrey},
  journal={Journal of Machine Learning Research},
  volume={9},
  number={2579-2605},
  pages={85},
  year={2008}
}

@inproceedings{simo2015neuroaesthetics,
  title={Neuroaesthetics in Fashion: Modeling the Perception of
    Fashionability},
  author={Simo-Serra, Edgar and Fidler, Sanja and Moreno-Noguer,
    Francesc and Urtasun, Raquel},
  booktitle=CVPR,
  year={2015}
}

@inproceedings{girshick2014rich,
  title={Rich feature hierarchies for accurate object detection and
    semantic segmentation},
  author={Girshick, Ross and Donahue, Jeff and Darrell, Trevor and
    Malik, Jitendra},
  booktitle=CVPR,
  year={2014}
}

@inproceedings{penatti2015deep,
  title={Do Deep Features Generalize from Everyday Objects to Remote
    Sensing and Aerial Scenes Domains?},
  author={Penatti, Ot{\'a}vio AB and Nogueira, Keiller and dos Santos, Jefersson A},
  booktitle={IEEE/ISPRS Workshop: Looking From Above: When Earth
    Observation Meets Vision},
  year=2015,
}

@inproceedings{lin2015learning,
  title={Learning Deep Representations for Ground-to-Aerial Geolocalization},
  author={Lin, Tsung-Yi and Cui, Yin and Belongie, Serge and Hays, James},
  booktitle=CVPR,
  year={2015}
}

@book{rosenblatt1957perceptron,
  title={The perceptron, a perceiving and recognizing automaton},
  author={Rosenblatt, Frank},
  year={1957},
  publisher={Cornell Aeronautical Laboratory}
}

@article{srivastava2014dropout,
  title={Dropout: A simple way to prevent neural networks from overfitting},
  author={Srivastava, Nitish and Hinton, Geoffrey and Krizhevsky, Alex
    and Sutskever, Ilya and Salakhutdinov, Ruslan},
  journal={Journal of Machine Learning Research},
  volume={15},
  number={1},
  pages={1929--1958},
  year={2014},
  publisher={JMLR. org}
}

@article{russakovsky2015imagenet,
  title={ImageNet Large Scale Visual Recognition Challenge},
  author={Olga Russakovsky and Jia Deng and Hao Su and Jonathan
    Krause and Sanjeev Satheesh and Sean Ma and Zhiheng Huang and
      Andrej Karpathy and Aditya Khosla and Michael Bernstein and
      Alexander C. Berg and Li Fei-Fei},
  journal=IJCV,
  year={2015}
}

@inproceedings{bergstra2010theano,
  booktitle={Proceedings of the Python for scientific computing conference},
  title={Theano: a CPU and GPU math expression compiler},
  author={Bergstra, James and Breuleux, Olivier and Bastien,
    Fr{\'e}d{\'e}ric and Lamblin, Pascal and Pascanu, Razvan and
      Desjardins, Guillaume and Turian, Joseph and Warde-Farley, David
      and Bengio, Yoshua},
  volume={4},
  pages={3},
  year={2010},
}

@inproceedings{li2015mid,
  title={Mid-level deep pattern mining},
  author={Li, Yao and Liu, Lingqiao and Shen, Chunhua and Hengel,
    Anton van den},
  booktitle=CVPR,
  year={2015}
}

@article{homer2015completion,
  title={Completion of the 2011 National Land Cover Database for the
    Conterminous United States-Representing a Decade of Land Cover
    Change Information},
  author={Homer, Collin and Dewitz, Jon and Yang, Limin and Jin,
    Suming and Danielson, Patrick and Xian, George and Coulston, John
    and Herold, Nathaniel and Wickham, James and Megown, Kevin},
  journal={Photogrammetric Engineering and Remote Sensing},
  volume={81},
  number={5},
  pages={345--354},
  year={2015},
}

@inproceedings{workman2015geocnn,
  title={On the Location Dependence of Convolutional Neural Network
    Features},
  author={Scott Workman and Nathan Jacobs},
  booktitle={IEEE/ISPRS Workshop: Looking From Above: When Earth
    Observation Meets Vision},
  year=2015,
}

@inproceedings{workman2015wide,
  title={Wide-Area Image Geolocalization with Aerial Reference Imagery},
  author={Scott Workman and Richard Souvenir and Nathan Jacobs},
  booktitle=ICCV,
  year=2015,
}

@inproceedings{torii2013visual,
  title={Visual place recognition with repetitive structures},
  author={Torii, Akihiko and Sivic, Josef and Pajdla, Tomas and
    Okutomi, Masatoshi},
  booktitle=CVPR,
  year={2013},
}

@inproceedings{zamir2010accurate,
  title={Accurate image localization based on google maps street view},
  author={Zamir, Amir Roshan and Shah, Mubarak},
  booktitle=ECCV,
  year={2010},
}

@inproceedings{lee2014predicting,
  title={Predicting Geo-informative Attributes in Large-scale Image
    Collections using Convolutional Neural Networks},
  author={Lee, Stefan and Zhang, Haipeng and Crandall, David J},
  booktitle=WACV_C,
  year={2014}
}

@inproceedings{bansal2011geo,
  title={Geo-localization of street views with aerial image databases},
  author={Bansal, Mayank and Sawhney, Harpreet S and Cheng, Hui and
    Daniilidis, Kostas},
  booktitle=ACMMM,
  year={2011},
}

@inproceedings{luo2008event,
  title={Event recognition: viewing the world with a third eye},
  author={Luo, Jiebo and Yu, Jie and Joshi, Dhiraj and Hao, Wei},
  booktitle=ACMMM,
  year={2008},
}

@inproceedings{shan2014accurate,
  title={Accurate Geo-Registration by Ground-to-Aerial Image Matching},
  author={Shan, Qi and Wu, Changchang and Curless, Brian and Furukawa,
    Yasutaka and Hernandez, Carlos and Seitz, Steven M},
  booktitle=THREEDV,
  year={2014},
}

@inproceedings{viswanathan2014vision,
  title={Vision based robot localization by ground to satellite
    matching in GPS-denied situations},
  author={Viswanathan, Anirudh and Pires, Bernardo R and Huber,
    Daniel},
  booktitle=IROS,
  year={2014}
}
@article{daume2006domain,
  title={Domain adaptation for statistical classifiers},
  author={Daume III, Hal and Marcu, Daniel},
  journal={Journal of Artificial Intelligence Research},
  pages={101--126},
  year={2006}
}

@inproceedings{szegedy2015going,
  title={Going deeper with convolutions},
  author={Szegedy, Christian and Liu, Wei and Jia, Yangqing and
    Sermanet, Pierre and Reed, Scott and Anguelov, Dragomir and
      Erhan, Dumitru and Vanhoucke, Vincent and Rabinovich,
    Andrew},
  booktitle=CVPR,
  year={2015}
}

@inproceedings{lin2014network,
  title={Network In Network},
  author={Min Lin and Qiang Chen and Shuicheng Yan},
  booktitle=ICLR,
  year={2014},
}

@inproceedings{chatfield2014return,
  title={Return of the devil in the details: Delving deep into
    convolutional nets},
  author={Chatfield, Ken and Simonyan, Karen and Vedaldi, Andrea and
    Zisserman, Andrew},
  booktitle=BMVC,
  year={2014}
}

@inproceedings{nilsback2008automated,
  title={Automated flower classification over a large number of
    classes},
  author={Nilsback, M-E and Zisserman, Andrew},
  booktitle={Indian Conference on Computer Vision, Graphics and Image Processing},
  year={2008},
}

@inproceedings{karayev2014recognizing,
  title={Recognizing image style},
  author={Karayev, Sergey and Trentacoste, Matthew and Han, Helen and
    Agarwala, Aseem and Darrell, Trevor and Hertzmann, Aaron and
      Winnemoeller, Holger},
  booktitle=BMVC,
  year={2014}
}

@inproceedings{isola2011makes,
  title={What makes an image memorable?},
  author={Isola, Phillip and Xiao, Jianxiong and Torralba, Antonio and
    Oliva, Aude},
  booktitle=CVPR,
  year={2011}
}

@inproceedings{su2011scenic,
  title={Scenic photo quality assessment with bag of aesthetics-preserving features},
  author={Su, Hsiao-Hang and Chen, Tse-Wei and Kao, Chieh-Chi and Hsu, Winston H and Chien, Shao-Yi},
  booktitle=ACMMM,
  year={2011}
}

@inproceedings{deza2015understanding,
  title={Understanding image virality},
  author={Deza, Arturo and Parikh, Devi},
  booktitle=CVPR,
  year={2015}
}

@inproceedings{jas2015image,
  title={Image specificity},
  author={Jas, Mainak and Parikh, Devi},
  booktitle=CVPR,
  year={2015}
}

@inproceedings{chandrasekaran2016we,
  title={We are humor beings: Understanding and predicting visual
    humor},
  author={Chandrasekaran, Arjun and Vijayakumar, Ashwin K and Antol,
    Stanislaw and Bansal, Mohit and Batra, Dhruv and Lawrence Zitnick,
    C and Parikh, Devi},
  booktitle=CVPR,
  year={2016}
}

@article{langlois2000maxims,
  title={Maxims or myths of beauty? A meta-analytic and theoretical review.},
  author={Langlois, Judith H and Kalakanis, Lisa and Rubenstein, Adam
    J and Larson, Andrea and Hallam, Monica and Smoot, Monica},
  journal={Psychological bulletin},
  volume={126},
  number={3},
  pages={390},
  year={2000},
  publisher={American Psychological Association}
}

@article{zube1982landscape,
  title={Landscape perception: research, application and theory},
  author={Zube, Ervin H and Sell, James L and Taylor, Jonathan G},
  journal={Landscape planning},
  volume={9},
  number={1},
  pages={1--33},
  year={1982},
  publisher={Elsevier}
}

@techreport{mcgranahan1999natural,
  title={Natural amenities drive rural population change},
  author={McGranahan, David A},
  year={1999},
  institution={United States Department of Agriculture, Economic
    Research Service}
}

@article{seresinhe2015quantifying,
  title={Quantifying the impact of scenic environments on health},
  author={Seresinhe, Chanuki Illushka and Preis, Tobias and Moat, Helen Susannah},
  journal={Scientific Reports},
  volume={5},
  year={2015},
}

@inproceedings{runge2016no,
  title={No more Autobahn!: Scenic Route Generation Using Googles Street View},
  author={Runge, Nina and Samsonov, Pavel and Degraen, Donald and Sch{\"o}ning, Johannes},
  booktitle={International Conference on Intelligent User Interfaces},
  year={2016},
}

@inproceedings{lu2010photo2trip,
  title={Photo2trip: generating travel routes from geo-tagged photos
    for trip planning},
  author={Lu, Xin and Wang, Changhu and Yang, Jiang-Ming and Pang,
    Yanwei and Zhang, Lei},
  booktitle=ACMMM,
  year={2010},
}

@article{laffont14transient,
  title={Transient Attributes for High-Level Understanding and
    Editing of Outdoor Scenes},
  author={Pierre-Yves Laffont and Zhile Ren and Xiaofeng Tao
    and Chao Qian and James Hays},
  journal=SIGGRAPH,
  volume={33},
  number={4},
  year={2014}
}

@inproceedings{lorenzo2015safety,
  author={Porzi, Lorenzo and Rota Bul\`{o}, Samuel and Lepri, Bruno and Ricci, Elisa},
  title={Predicting and Understanding Urban Perception with Convolutional Neural Networks},
  booktitle=ACMMM,
  year={2015},
}

@inproceedings{ke2006design,
  title={The design of high-level features for photo quality assessment},
  author={Ke, Yan and Tang, Xiaoou and Jing, Feng},
  booktitle=CVPR,
  year={2006},
}

@inproceedings{luo2008photo,
  title={Photo and video quality evaluation: Focusing on the subject},
  author={Luo, Yiwen and Tang, Xiaoou},
  booktitle=ECCV,
  year={2008},
}

@inproceedings{yeh2010personalized,
  title={Personalized photograph ranking and selection system},
  author={Yeh, Che-Hua and Ho, Yuan-Chen and Barsky, Brian A and Ouhyoung, Ming},
  booktitle=ACMMM,
  year={2010},
}

@inproceedings{karayev2014style,
  title={Recognizing image style},
  author={Karayev, Sergey and Trentacoste, Matthew and Han, Helen and
    Agarwala, Aseem and Darrell, Trevor and Hertzmann, Aaron and
      Winnemoeller, Holger},
  booktitle=BMVC,
  year={2014}
}

@article{seresinhe2017quantifying,
  title={Quantifying scenic areas using crowdsourced data},
  author={Seresinhe, Chanuki Illushka and Moat, Helen Susannah and Preis, Tobias},
  journal={Environment and Planning B: Urban Analytics and City Science},
  year={2017},
  publisher={SAGE Publications Sage UK: London, England}
}

@article{seresinhe2017using,
  title={Using deep learning to quantify the beauty of outdoor places},
  author={Seresinhe, Chanuki Illushka and Preis, Tobias and Moat, Helen Susannah},
  journal={Royal Society Open Science},
  volume={4},
  number={7},
  year={2017},
  publisher={The Royal Society}
}

@inproceedings{lu2014rapid,
  title={Rapid: Rating pictorial aesthetics using deep learning},
  author={Lu, Xin and Lin, Zhe and Jin, Hailin and Yang, Jianchao and Wang, James Z},
  booktitle=ACMMM,
  year={2014}
}

@article{van2009learning,
  title={Learning color names for real-world applications},
  author={Van De Weijer, Joost and Schmid, Cordelia and Verbeek, Jakob and Larlus, Diane},
  journal={IEEE Transactions on Image Processing},
  volume={18},
  number={7},
  pages={1512--1523},
  year={2009},
  publisher={IEEE}
}

@inproceedings{planet,
  title={Planet-photo geolocation with convolutional neural networks},
  author={Weyand, Tobias and Kostrikov, Ilya and Philbin, James},
  booktitle=ECCV,
  year={2016},
}

@inproceedings{workman2016horizon,
  author={Workman, Scott and Zhai, Menghua and Jacobs, Nathan},
  title={Horizon Lines in the Wild},
  booktitle=BMVC,
  year={2016}
}

@inproceedings{xie2011im2map,
  title={IM2MAP: deriving maps from georeferenced community
    contributed photo collections},
  author={Xie, Ling and Newsam, Shawn},
  booktitle={ACM SIGMM International Workshop on Social media},
  year={2011}
}

@inproceedings{zhou2014object,
  title={Object Detectors Emerge in Deep Scene CNNs},
  author={Zhou, Bolei and Khosla, Aditya and Lapedriza, Agata and 
  Oliva, Aude and Torralba, Antonio},
  booktitle=ICLR,
  year={2014}
}

@article{avidan2007seam,
  title={Seam carving for content-aware image resizing},
  author={Avidan, Shai and Shamir, Ariel},
  journal=TOG,
  volume={26},
  number={3},
  pages={10},
  year={2007},
}

@inproceedings{icml2014c2_gardner14, 
  title={Bayesian Optimization with Inequality Constraints}, 
  author={Jacob Gardner and Matt Kusner and Kilian Q. Weinberger and
    John Cunningham and Zhixiang Xu}, 
  booktitle=ICML,
  year={2014}, 
}

@inproceedings{quercia2014shortest,
  title={The shortest path to happiness: Recommending beautiful, quiet, and happy routes in the city},
  author={Quercia, Daniele and Schifanella, Rossano and Aiello, Luca Maria},
  booktitle={ACM Conference on Hypertext and Social Media},
  year={2014},
}

@inproceedings{quercia2015digital,
  title={The digital life of walkable streets},
  author={Quercia, Daniele and Aiello, Luca Maria and Schifanella, Rossano and Davies, Adam},
  booktitle=WWW,
  year={2015},
}

@article{arietta2014city,
  title={City forensics: Using visual elements to predict non-visual city attributes},
  author={Arietta, Sean M and Efros, Alexei A and Ramamoorthi, Ravi and Agrawala, Maneesh},
  journal={IEEE Transactions on Visualization and Computer Graphics},
  volume={20},
  number={12},
  pages={2624--2633},
  year={2014},
  publisher={IEEE}
}

@inproceedings{zhai2017predicting,
  author={Menghua Zhai and Zach Bessinger and Scott Workman and Nathan Jacobs},
  title={Predicting Ground-Level Scene Layout from Aerial Imagery},
  booktitle=CVPR,
  year=2017
}

@inproceedings{workman2017unified,
  author={Scott Workman and Menghua Zhai and David J. Crandall and Nathan Jacobs},
  title={A Unified Model for Near and Remote Sensing},
  booktitle=ICCV,
  year=2017
}

@article{wang2016torontocity,
  title={TorontoCity: Seeing the World with a Million Eyes},
  author={Wang, Shenlong and Bai, Min and Mattyus, Gellert and Chu,
    Hang and Luo, Wenjie and Yang, Bin and Liang, Justin and Cheverie,
    Joel and Fidler, Sanja and Urtasun, Raquel},
  journal={arXiv preprint arXiv:1612.00423},
  year={2016},
}

@inproceedings{zhu2015land,
  title={Land use classification using convolutional neural networks applied to ground-level images},
  author={Zhu, Yi and Newsam, Shawn},
  booktitle=ACMGIS,
  year={2015},
}

@inproceedings{wang2016mm,
  title={Tracking Natural Events through Social Media and Computer Vision},
  author={Jingya Wang and Mohammed Korayem and Saul Blanco and David Crandall},
  booktitle=ACMMM,
  year={2016},
}

@inproceedings{dubey2016deep,
  title={Deep learning the city: Quantifying urban perception at a global scale},
  author={Dubey, Abhimanyu and Naik, Nikhil and Parikh, Devi and Raskar, Ramesh and Hidalgo, C{\'e}sar A},
  booktitle=ECCV,
  year={2016},
}

@inproceedings{murdock2013webcam2satellite,
  title={Webcam2Satellite: Estimating cloud maps from webcam imagery},
  author={Murdock, Calvin and Jacobs, Nathan and Pless, Robert},
  booktitle=WACV_W,
  year={2013},
}

@inproceedings{murdock2015building,
	title={Building Dynamic Cloud Maps from the Ground Up},
	author={Murdock, Calvin and Jacobs, Nathan and Pless, Robert},
	booktitle=ICCV,
	year={2015},
}

@article{jacobs2016cloudmap,
  title={{Cloudmaps from Static Ground-View Video}},
  author={Nathan Jacobs and Scott Workman and Richard Souvenir},
  journal={{Image and Vision Computing (IVC)}},
  volume={52},
  pages={154--166},
  year={2016},
}

@inproceedings{li2015smog,
  title={Using User Generated Online Photos to Estimate and Monitor Air Pollution in Major Cities},
  author={Yuncheng Li and Jifei Huang and Jiebo Luo},
  booktitle={ACM International Conference on Internet Multimedia Computing and Service},
  year={2015},
}

@inproceedings{glasner2015hot,
  title={Hot or Not: Exploring Correlations Between Appearance and Temperature},
  author={Glasner, Daniel and Fua, Pascal and Zickler, Todd and Zelnik-Manor, Lihi},
  booktitle=ICCV,
  year={2015},
}

@article{fedorov2015snowwatch,
	title={{SnowWatch:} Snow Monitoring through Acquisition and Analysis of User-Generated Content},
	author={Fedorov, Roman and Fraternali, Piero and Pasini, Chiara and Tagliasacchi, Marco},
	journal={arXiv:1507.08958},
	year={2015},
}

@inproceedings{fedorov2014snow,
	title={Snow phenomena modeling through online public media},
	author={Fedorov, Roman and Fraternali, Piero and Tagliasacchi, Marco},
	booktitle=ICIP,
	year={2014},
}

@inproceedings{khosla2014looking,
	title={Looking beyond the visible scene},
	author={Khosla, Aditya and An, Byoungkwon and Lim, Jasmine J and Torralba, Antonio},
	booktitle=CVPR,
	year={2014},
}

@inproceedings{porzi2015predicting,
	title={Predicting and Understanding Urban Perception with Convolutional Neural Networks},
	author={Porzi, Lorenzo and Rota Bul{\`o}, Samuel and Lepri, Bruno and Ricci, Elisa},
	booktitle=ACMMM,
	year={2015},
}

@article{Rozen,
  title={Comparison of methods for land-use classification incorporating remote sensing and GIS inputs},
  author={Rozenstein, Offer and Karnieli, Arnon},
  journal={Applied Geography},
  volume={31},
  number={2},
  pages={533--544},
  year={2011},
}

@inproceedings{tang2015improving,
  title={Improving image classification with location context},
  author={Tang, Kevin and Paluri, Manohar and Fei-Fei, Li and Fergus, Rob and Bourdev, Lubomir},
  booktitle=ICCV,
  year={2015},
}

@inproceedings{xie2015transfer,
  title={Transfer learning from deep features for remote sensing and poverty mapping},
  author={Xie, Michael and Jean, Neal and Burke, Marshall and Lobell, David and Ermon, Stefano},
  booktitle={AAAI Conference on Artificial Intelligence},
  year={2015},
}

@inproceedings{workman2017beauty,
  author={Scott Workman and Richard Souvenir and Nathan Jacobs},
  title={Understanding and Mapping Natural Beauty},
  booktitle=ICCV,
  year={2017},
}

@inproceedings{mattyus2016hd,
  title={HD Maps: Fine-grained Road Segmentation by Parsing Ground and Aerial Images},
  author={M{\'a}ttyus, Gell{\'e}rt and Wang, Shenlong and Fidler, Sanja and Urtasun, Raquel},
  booktitle=CVPR,
  year={2016},
}

@inproceedings{wegner2016cataloging,
  title={Cataloging public objects using aerial and street-level images-urban trees},
  author={Wegner, Jan D and Branson, Steven and Hall, David and Schindler, Konrad and Perona, Pietro},
  booktitle=CVPR,
  year={2016},
}

@article{ghouaiel2016coupling,
  title={Coupling ground-level panoramas and aerial imagery for change detection},
  author={Ghouaiel, Nehla and Lef{\`e}vre, S{\'e}bastien},
  journal={Geo-spatial Information Science},
  volume={19},
  number={3},
  pages={222--232},
  year={2016},
}

@inproceedings{simonyan2014very,
  title={Very deep convolutional networks for large-scale image recognition},
  author={Simonyan, Karen and Zisserman, Andrew},
  booktitle=ICLR,
  year={2015},
}

@article{zhou2017places,
  title={Places: A 10 million Image Database for Scene Recognition},
  author={Zhou, Bolei and Lapedriza, Agata and Khosla, Aditya and Oliva, Aude and Torralba, Antonio},
  journal=T-PAMI,
  volume={PP},
  number={99},
  year={2017},
  publisher={IEEE}
}

@article{bansal2017pixelnet,
  title={Pixelnet: Representation of the pixels, by the pixels, and for the pixels},
  author={Bansal, Aayush and Chen, Xinlei and Russell, Bryan and Ramanan, Abhinav Gupta and others},
  journal={arXiv preprint arXiv:1702.06506},
  year={2017},
}

@inproceedings{hariharan2015hypercolumns,
  title={Hypercolumns for object segmentation and fine-grained localization},
  author={Hariharan, Bharath and Arbel{\'a}ez, Pablo and Girshick, Ross and Malik, Jitendra},
  booktitle=CVPR,
  year={2015},
}

@article{abadi2016tensorflow,
  title={Tensorflow: Large-scale machine learning on heterogeneous distributed systems},
  author={Abadi, Mart{\'\i}n and Agarwal, Ashish and Barham, Paul and
    Brevdo, Eugene and Chen, Zhifeng and Citro, Craig and Corrado,
    Greg S and Davis, Andy and Dean, Jeffrey and Devin, Matthieu and
      others},
  journal={arXiv preprint arXiv:1603.04467},
  year={2016},
}

@inproceedings{kingma2014adam,
  title={Adam: A method for stochastic optimization},
  author={Kingma, Diederik and Ba, Jimmy},
  booktitle=ICLR,
  year={2014},
}

@inproceedings{ioffe2015batch,
  title={Batch normalization: Accelerating deep network training by reducing internal covariate shift},
  author={Ioffe, Sergey and Szegedy, Christian},
  booktitle=ICML,
  year={2015},
}

@inproceedings{ren2015faster,
  title={Faster r-cnn: Towards real-time object detection with region proposal networks},
  author={Ren, Shaoqing and He, Kaiming and Girshick, Ross and Sun, Jian},
  booktitle=NIPS,
  year={2015}
}

@inproceedings{benenson2014ten,
  title={Ten years of pedestrian detection, what have we learned?},
  author={Benenson, Rodrigo and Omran, Mohamed and Hosang, Jan and Schiele, Bernt},
  booktitle=ECCV,
  year={2014},
}

@article{matthies2007computer,
  title={Computer vision on Mars},
  author={Matthies, Larry and Maimone, Mark and Johnson, Andrew and
    Cheng, Yang and Willson, Reg and Villalpando, Carlos and Goldberg,
    Steve and Huertas, Andres and Stein, Andrew and Angelova, Anelia},
  journal=IJCV,
  volume={75},
  number={1},
  pages={67--92},
  year={2007},
}

@inproceedings{zhang2016colorful,
  title={Colorful image colorization},
  author={Zhang, Richard and Isola, Phillip and Efros, Alexei A},
  booktitle=ECCV,
  year={2016},
}

@inproceedings{gatys2016image,
  title={Image style transfer using convolutional neural networks},
  author={Gatys, Leon A and Ecker, Alexander S and Bethge, Matthias},
  booktitle=CVPR,
  year={2016},
}

@article{thomee2016yfcc100m,
  title={YFCC100M: the new data in multimedia research},
  author={Thomee, Bart and Shamma, David A and Friedland, Gerald and
    Elizalde, Benjamin and Ni, Karl and Poland, Douglas and Borth,
    Damian and Li, Li-Jia},
  journal={Communications of the ACM},
  volume={59},
  number={2},
  pages={64--73},
  year={2016},
}

@inproceedings{weyand2016planet,
  title={Planet-photo geolocation with convolutional neural networks},
  author={Weyand, Tobias and Kostrikov, Ilya and Philbin, James},
  booktitle=ECCV,
  year={2016},
}

@article{liang2011validating,
  title={Validating satellite phenology through intensive ground
    observation and landscape scaling in a mixed seasonal forest},
  author={Liang, Liang and Schwartz, Mark D and Fei, Songlin},
  journal={Remote Sensing of Environment},
  volume={115},
  number={1},
  pages={143--157},
  year={2011},
}

@article{wulder2014make,
  title={Make Earth observations open access: freely available
    satellite imagery will improve science and
      environmental-monitoring products},
  author={Wulder, Michael A and Coops, Nicholas C},
  journal={Nature},
  volume={513},
  number={7516},
  pages={30--32},
  year={2014},
}

@book{porter1921aerial,
  title={Aerial observation: the airplane observer, the balloon
    observer, and the army corps pilot},
  author={Porter, Harold Everett},
  year={1921},
  publisher={Harper \& Brothers}
}

@book{stichelbaut2008images,
  title={Images of conflict: Military aerial photography and archaeology},
  author={Stichelbaut, Birger and Bourgeois, Jean and Saunders, Nicholas},
  year={2008},
  publisher={Cambridge Scholars Publishing}
}

@article{zhang2003monitoring,
  title={Monitoring vegetation phenology using MODIS},
  author={Zhang, Xiaoyang and Friedl, Mark A and Schaaf, Crystal B and
    Strahler, Alan H and Hodges, John CF and Gao, Feng and Reed,
    Bradley C and Huete, Alfredo},
  journal={Remote sensing of environment},
  volume={84},
  number={3},
  pages={471--475},
  year={2003},
}

@article{townshend1991global,
  title={Global land cover classification by remote sensing: present
    capabilities and future possibilities},
  author={Townshend, John and Justice, Christopher and Li, Wei and
    Gurney, Charlotte and McManus, Jim},
  journal={Remote Sensing of Environment},
  volume={35},
  number={2-3},
  pages={243--255},
  year={1991},
}

@article{mulla2013twenty,
  title={Twenty five years of remote sensing in precision agriculture:
    Key advances and remaining knowledge gaps},
  author={Mulla, David J},
  journal={Biosystems engineering},
  volume={114},
  number={4},
  pages={358--371},
  year={2013},
}

@article{tralli2005satellite,
  title={Satellite remote sensing of earthquake, volcano, flood, landslide and coastal inundation hazards},
  author={Tralli, David M and Blom, Ronald G and Zlotnicki, Victor and
    Donnellan, Andrea and Evans, Diane L},
  journal={ISPRS Journal of Photogrammetry and Remote Sensing},
  volume={59},
  number={4},
  pages={185--198},
  year={2005},
}

@article{jensen1999remote,
  title={Remote sensing of urban/suburban infrastructure and socio-economic attributes},
  author={Jensen, John R and Cowen, Dave C},
  journal={Photogrammetric engineering and remote sensing},
  volume={65},
  pages={611--622},
  year={1999},
}

@article{eisenberg2013microsatellites,
  title={Microsatellites: what big eyes they have},
  author={Eisenberg, Anne},
  journal={The New York Times},
  year={2013}
}

@book{boden2006mind,
  title={Mind as machine: A history of cognitive science},
  author={Boden, Margaret Ann},
  year={2006},
  publisher={Clarendon Press}
}
